%YAML 1.1
%TAG !u! tag:unity3d.com,2011:
--- !u!65 &346127131526681153
BoxCollider:
  m_ObjectHideFlags: 0
  m_CorrespondingSourceObject: {fileID: 0}
  m_PrefabInstance: {fileID: 0}
  m_PrefabAsset: {fileID: 0}
  m_GameObject: {fileID: 612457492919254398}
  m_Material: {fileID: 0}
  m_IsTrigger: 0
  m_Enabled: 1
  serializedVersion: 2
  m_Size: {x: 0.47545952, y: 6.01057, z: 0.31748638}
  m_Center: {x: -11.451222, y: -0.19881862, z: 3.35}
--- !u!65 &3144096307630988110
BoxCollider:
  m_ObjectHideFlags: 0
  m_CorrespondingSourceObject: {fileID: 0}
  m_PrefabInstance: {fileID: 0}
  m_PrefabAsset: {fileID: 0}
  m_GameObject: {fileID: 612457492919254398}
  m_Material: {fileID: 0}
  m_IsTrigger: 0
  m_Enabled: 1
  serializedVersion: 2
  m_Size: {x: 3.1797094, y: 0.8097607, z: 5.5280166}
  m_Center: {x: -10.261318, y: 2.458804, z: 1.0159602}
--- !u!65 &4187674852958265723
BoxCollider:
  m_ObjectHideFlags: 0
  m_CorrespondingSourceObject: {fileID: 0}
  m_PrefabInstance: {fileID: 0}
  m_PrefabAsset: {fileID: 0}
  m_GameObject: {fileID: 612457492919254398}
  m_Material: {fileID: 0}
  m_IsTrigger: 0
  m_Enabled: 1
  serializedVersion: 2
  m_Size: {x: 19.317394, y: 6.0653014, z: 5.5435205}
  m_Center: {x: 0.97805244, y: -0.1721404, z: 1.008209}
--- !u!65 &5947524522711785741
BoxCollider:
  m_ObjectHideFlags: 0
  m_CorrespondingSourceObject: {fileID: 0}
  m_PrefabInstance: {fileID: 0}
  m_PrefabAsset: {fileID: 0}
  m_GameObject: {fileID: 612457492919254398}
  m_Material: {fileID: 0}
  m_IsTrigger: 0
  m_Enabled: 1
  serializedVersion: 2
  m_Size: {x: 0.39673126, y: 3.7868524, z: 2.1423182}
  m_Center: {x: 3.9682455, y: -2.532449, z: -2.613724}
--- !u!65 &7269882724100020453
BoxCollider:
  m_ObjectHideFlags: 0
  m_CorrespondingSourceObject: {fileID: 0}
  m_PrefabInstance: {fileID: 0}
  m_PrefabAsset: {fileID: 0}
  m_GameObject: {fileID: 612457492919254398}
  m_Material: {fileID: 0}
  m_IsTrigger: 0
  m_Enabled: 1
  serializedVersion: 2
  m_Size: {x: 0.47545952, y: 6.01057, z: 0.31748638}
  m_Center: {x: -11.451222, y: -0.19881862, z: -1.393751}
--- !u!65 &8154962668113975607
BoxCollider:
  m_ObjectHideFlags: 0
  m_CorrespondingSourceObject: {fileID: 0}
  m_PrefabInstance: {fileID: 0}
  m_PrefabAsset: {fileID: 0}
  m_GameObject: {fileID: 612457492919254398}
  m_Material: {fileID: 0}
  m_IsTrigger: 0
  m_Enabled: 1
  serializedVersion: 2
  m_Size: {x: 5.1834946, y: 3.7385588, z: 3.4687068}
  m_Center: {x: 1.574875, y: -2.5083091, z: -2.046614}
--- !u!1 &3774617237994543086
GameObject:
  m_ObjectHideFlags: 0
  m_CorrespondingSourceObject: {fileID: 0}
  m_PrefabInstance: {fileID: 0}
  m_PrefabAsset: {fileID: 0}
  serializedVersion: 6
  m_Component:
  - component: {fileID: 1293669196807809041}
  - component: {fileID: 7011097233768645737}
  - component: {fileID: 1805554290514982303}
  - component: {fileID: 2216852864146418194}
  m_Layer: 0
  m_Name: Base
  m_TagString: Untagged
  m_Icon: {fileID: 0}
  m_NavMeshLayer: 0
  m_StaticEditorFlags: 0
  m_IsActive: 1
--- !u!4 &1293669196807809041
Transform:
  m_ObjectHideFlags: 0
  m_CorrespondingSourceObject: {fileID: 0}
  m_PrefabInstance: {fileID: 0}
  m_PrefabAsset: {fileID: 0}
  m_GameObject: {fileID: 3774617237994543086}
  m_LocalRotation: {x: 0, y: 0, z: 0, w: 1}
  m_LocalPosition: {x: -0.59, y: -0.568, z: 1.06}
  m_LocalScale: {x: 21.96916, y: 1, z: 5.3125}
  m_Children: []
  m_Father: {fileID: 612457492919476574}
  m_RootOrder: 0
  m_LocalEulerAnglesHint: {x: 0, y: 0, z: 0}
--- !u!33 &7011097233768645737
MeshFilter:
  m_ObjectHideFlags: 0
  m_CorrespondingSourceObject: {fileID: 0}
  m_PrefabInstance: {fileID: 0}
  m_PrefabAsset: {fileID: 0}
  m_GameObject: {fileID: 3774617237994543086}
  m_Mesh: {fileID: 10202, guid: 0000000000000000e000000000000000, type: 0}
--- !u!23 &1805554290514982303
MeshRenderer:
  m_ObjectHideFlags: 0
  m_CorrespondingSourceObject: {fileID: 0}
  m_PrefabInstance: {fileID: 0}
  m_PrefabAsset: {fileID: 0}
  m_GameObject: {fileID: 3774617237994543086}
  m_Enabled: 1
  m_CastShadows: 1
  m_ReceiveShadows: 1
  m_DynamicOccludee: 1
  m_MotionVectors: 1
  m_LightProbeUsage: 1
  m_ReflectionProbeUsage: 1
  m_RayTracingMode: 2
  m_RayTraceProcedural: 0
  m_RenderingLayerMask: 1
  m_RendererPriority: 0
  m_Materials:
  - {fileID: 10303, guid: 0000000000000000f000000000000000, type: 0}
  m_StaticBatchInfo:
    firstSubMesh: 0
    subMeshCount: 0
  m_StaticBatchRoot: {fileID: 0}
  m_ProbeAnchor: {fileID: 0}
  m_LightProbeVolumeOverride: {fileID: 0}
  m_ScaleInLightmap: 1
  m_ReceiveGI: 1
  m_PreserveUVs: 0
  m_IgnoreNormalsForChartDetection: 0
  m_ImportantGI: 0
  m_StitchLightmapSeams: 1
  m_SelectedEditorRenderState: 3
  m_MinimumChartSize: 4
  m_AutoUVMaxDistance: 0.5
  m_AutoUVMaxAngle: 89
  m_LightmapParameters: {fileID: 0}
  m_SortingLayerID: 0
  m_SortingLayer: 0
  m_SortingOrder: 0
  m_AdditionalVertexStreams: {fileID: 0}
--- !u!65 &2216852864146418194
BoxCollider:
  m_ObjectHideFlags: 0
  m_CorrespondingSourceObject: {fileID: 0}
  m_PrefabInstance: {fileID: 0}
  m_PrefabAsset: {fileID: 0}
  m_GameObject: {fileID: 3774617237994543086}
  m_Material: {fileID: 0}
  m_IsTrigger: 0
  m_Enabled: 1
  serializedVersion: 2
  m_Size: {x: 1, y: 1, z: 1}
  m_Center: {x: 0.0000002384186, y: 0.0000038146977, z: 0}
--- !u!1001 &612457492919352286
PrefabInstance:
  m_ObjectHideFlags: 0
  serializedVersion: 2
  m_Modification:
    m_TransformParent: {fileID: 0}
    m_Modifications:
    - target: {fileID: 100000, guid: 67a70a2ac48600c49bdbc2dea0e01ac5, type: 3}
      propertyPath: m_Name
      value: Trailer
      objectReference: {fileID: 0}
    - target: {fileID: 400000, guid: 67a70a2ac48600c49bdbc2dea0e01ac5, type: 3}
      propertyPath: m_RootOrder
      value: 0
      objectReference: {fileID: 0}
    - target: {fileID: 400000, guid: 67a70a2ac48600c49bdbc2dea0e01ac5, type: 3}
      propertyPath: m_LocalScale.x
      value: 7
      objectReference: {fileID: 0}
    - target: {fileID: 400000, guid: 67a70a2ac48600c49bdbc2dea0e01ac5, type: 3}
      propertyPath: m_LocalScale.y
      value: 7
      objectReference: {fileID: 0}
    - target: {fileID: 400000, guid: 67a70a2ac48600c49bdbc2dea0e01ac5, type: 3}
      propertyPath: m_LocalScale.z
      value: 7
      objectReference: {fileID: 0}
    - target: {fileID: 400000, guid: 67a70a2ac48600c49bdbc2dea0e01ac5, type: 3}
      propertyPath: m_LocalPosition.x
      value: 2.12171
      objectReference: {fileID: 0}
    - target: {fileID: 400000, guid: 67a70a2ac48600c49bdbc2dea0e01ac5, type: 3}
      propertyPath: m_LocalPosition.y
      value: 30.5
      objectReference: {fileID: 0}
    - target: {fileID: 400000, guid: 67a70a2ac48600c49bdbc2dea0e01ac5, type: 3}
      propertyPath: m_LocalPosition.z
      value: 415.1
      objectReference: {fileID: 0}
    - target: {fileID: 400000, guid: 67a70a2ac48600c49bdbc2dea0e01ac5, type: 3}
      propertyPath: m_LocalRotation.w
      value: 1
      objectReference: {fileID: 0}
    - target: {fileID: 400000, guid: 67a70a2ac48600c49bdbc2dea0e01ac5, type: 3}
      propertyPath: m_LocalRotation.x
      value: 0.00000008146034
      objectReference: {fileID: 0}
    - target: {fileID: 400000, guid: 67a70a2ac48600c49bdbc2dea0e01ac5, type: 3}
      propertyPath: m_LocalRotation.y
      value: 0
      objectReference: {fileID: 0}
    - target: {fileID: 400000, guid: 67a70a2ac48600c49bdbc2dea0e01ac5, type: 3}
      propertyPath: m_LocalRotation.z
      value: -0
      objectReference: {fileID: 0}
    - target: {fileID: 400000, guid: 67a70a2ac48600c49bdbc2dea0e01ac5, type: 3}
      propertyPath: m_LocalEulerAnglesHint.x
      value: 0
      objectReference: {fileID: 0}
    - target: {fileID: 400000, guid: 67a70a2ac48600c49bdbc2dea0e01ac5, type: 3}
      propertyPath: m_LocalEulerAnglesHint.y
      value: 0
      objectReference: {fileID: 0}
    - target: {fileID: 400000, guid: 67a70a2ac48600c49bdbc2dea0e01ac5, type: 3}
      propertyPath: m_LocalEulerAnglesHint.z
      value: 0
      objectReference: {fileID: 0}
    m_RemovedComponents: []
  m_SourcePrefab: {fileID: 100100000, guid: 67a70a2ac48600c49bdbc2dea0e01ac5, type: 3}
--- !u!1 &612457492919254398 stripped
GameObject:
  m_CorrespondingSourceObject: {fileID: 100000, guid: 67a70a2ac48600c49bdbc2dea0e01ac5,
    type: 3}
  m_PrefabInstance: {fileID: 612457492919352286}
  m_PrefabAsset: {fileID: 0}
--- !u!4 &612457492919476574 stripped
Transform:
  m_CorrespondingSourceObject: {fileID: 400000, guid: 67a70a2ac48600c49bdbc2dea0e01ac5,
    type: 3}
  m_PrefabInstance: {fileID: 612457492919352286}
  m_PrefabAsset: {fileID: 0}
--- !u!1001 &7843845182335170057
PrefabInstance:
  m_ObjectHideFlags: 0
  serializedVersion: 2
  m_Modification:
    m_TransformParent: {fileID: 612457492919476574}
    m_Modifications:
    - target: {fileID: -8679921383154817045, guid: 6bbb394bd0c270043bf160c3866f4d0a,
        type: 3}
      propertyPath: m_RootOrder
      value: 1
      objectReference: {fileID: 0}
    - target: {fileID: -8679921383154817045, guid: 6bbb394bd0c270043bf160c3866f4d0a,
        type: 3}
      propertyPath: m_LocalScale.x
      value: 113.61422
      objectReference: {fileID: 0}
    - target: {fileID: -8679921383154817045, guid: 6bbb394bd0c270043bf160c3866f4d0a,
        type: 3}
      propertyPath: m_LocalScale.y
      value: 3.576725
      objectReference: {fileID: 0}
    - target: {fileID: -8679921383154817045, guid: 6bbb394bd0c270043bf160c3866f4d0a,
        type: 3}
      propertyPath: m_LocalScale.z
      value: 45.446
      objectReference: {fileID: 0}
    - target: {fileID: -8679921383154817045, guid: 6bbb394bd0c270043bf160c3866f4d0a,
        type: 3}
      propertyPath: m_LocalPosition.x
      value: 4.422
      objectReference: {fileID: 0}
    - target: {fileID: -8679921383154817045, guid: 6bbb394bd0c270043bf160c3866f4d0a,
        type: 3}
      propertyPath: m_LocalPosition.y
      value: 4.78
      objectReference: {fileID: 0}
    - target: {fileID: -8679921383154817045, guid: 6bbb394bd0c270043bf160c3866f4d0a,
        type: 3}
      propertyPath: m_LocalPosition.z
      value: 1.285
      objectReference: {fileID: 0}
    - target: {fileID: -8679921383154817045, guid: 6bbb394bd0c270043bf160c3866f4d0a,
        type: 3}
      propertyPath: m_LocalRotation.w
      value: 0
      objectReference: {fileID: 0}
    - target: {fileID: -8679921383154817045, guid: 6bbb394bd0c270043bf160c3866f4d0a,
        type: 3}
      propertyPath: m_LocalRotation.x
      value: 0
      objectReference: {fileID: 0}
    - target: {fileID: -8679921383154817045, guid: 6bbb394bd0c270043bf160c3866f4d0a,
        type: 3}
      propertyPath: m_LocalRotation.y
      value: 0.7071068
      objectReference: {fileID: 0}
    - target: {fileID: -8679921383154817045, guid: 6bbb394bd0c270043bf160c3866f4d0a,
        type: 3}
      propertyPath: m_LocalRotation.z
      value: 0.7071068
      objectReference: {fileID: 0}
    - target: {fileID: -8679921383154817045, guid: 6bbb394bd0c270043bf160c3866f4d0a,
        type: 3}
      propertyPath: m_LocalEulerAnglesHint.x
      value: -90
      objectReference: {fileID: 0}
    - target: {fileID: -8679921383154817045, guid: 6bbb394bd0c270043bf160c3866f4d0a,
        type: 3}
      propertyPath: m_LocalEulerAnglesHint.y
      value: 0
      objectReference: {fileID: 0}
    - target: {fileID: -8679921383154817045, guid: 6bbb394bd0c270043bf160c3866f4d0a,
        type: 3}
      propertyPath: m_LocalEulerAnglesHint.z
      value: 180
      objectReference: {fileID: 0}
    - target: {fileID: -7511558181221131132, guid: 6bbb394bd0c270043bf160c3866f4d0a,
        type: 3}
      propertyPath: m_Materials.Array.data[0]
      value: 
      objectReference: {fileID: 2100000, guid: efe5c690b3f4e134ba9ee29b85dcfb28, type: 2}
    - target: {fileID: 919132149155446097, guid: 6bbb394bd0c270043bf160c3866f4d0a,
        type: 3}
      propertyPath: m_Name
      value: cartelAfuera
      objectReference: {fileID: 0}
    m_RemovedComponents: []
  m_SourcePrefab: {fileID: 100100000, guid: 6bbb394bd0c270043bf160c3866f4d0a, type: 3}
