%YAML 1.1
%TAG !u! tag:unity3d.com,2011:
--- !u!1 &270856868945281542
GameObject:
  m_ObjectHideFlags: 0
  m_CorrespondingSourceObject: {fileID: 0}
  m_PrefabInstance: {fileID: 0}
  m_PrefabAsset: {fileID: 0}
  serializedVersion: 6
  m_Component:
  - component: {fileID: 2497152097332297604}
  - component: {fileID: 1042679841089208689}
  - component: {fileID: 1835736107046761527}
  - component: {fileID: 3308942613458582467}
  m_Layer: 0
  m_Name: Cube
  m_TagString: Untagged
  m_Icon: {fileID: 0}
  m_NavMeshLayer: 0
  m_StaticEditorFlags: 0
  m_IsActive: 1
--- !u!4 &2497152097332297604
Transform:
  m_ObjectHideFlags: 0
  m_CorrespondingSourceObject: {fileID: 0}
  m_PrefabInstance: {fileID: 0}
  m_PrefabAsset: {fileID: 0}
  m_GameObject: {fileID: 270856868945281542}
  m_LocalRotation: {x: -0, y: -0, z: -0, w: 1}
  m_LocalPosition: {x: 6.01518, y: 2.27, z: -2.41}
  m_LocalScale: {x: 17.982662, y: 0.16374017, z: 5.35}
  m_Children: []
  m_Father: {fileID: 1862193340172345577}
  m_RootOrder: 7
  m_LocalEulerAnglesHint: {x: 0, y: 0, z: 0}
--- !u!33 &1042679841089208689
MeshFilter:
  m_ObjectHideFlags: 0
  m_CorrespondingSourceObject: {fileID: 0}
  m_PrefabInstance: {fileID: 0}
  m_PrefabAsset: {fileID: 0}
  m_GameObject: {fileID: 270856868945281542}
  m_Mesh: {fileID: 10202, guid: 0000000000000000e000000000000000, type: 0}
--- !u!23 &1835736107046761527
MeshRenderer:
  m_ObjectHideFlags: 0
  m_CorrespondingSourceObject: {fileID: 0}
  m_PrefabInstance: {fileID: 0}
  m_PrefabAsset: {fileID: 0}
  m_GameObject: {fileID: 270856868945281542}
  m_Enabled: 1
  m_CastShadows: 1
  m_ReceiveShadows: 1
  m_DynamicOccludee: 1
  m_MotionVectors: 1
  m_LightProbeUsage: 1
  m_ReflectionProbeUsage: 1
  m_RayTracingMode: 2
  m_RayTraceProcedural: 0
  m_RenderingLayerMask: 1
  m_RendererPriority: 0
  m_Materials:
  - {fileID: 10303, guid: 0000000000000000f000000000000000, type: 0}
  m_StaticBatchInfo:
    firstSubMesh: 0
    subMeshCount: 0
  m_StaticBatchRoot: {fileID: 0}
  m_ProbeAnchor: {fileID: 0}
  m_LightProbeVolumeOverride: {fileID: 0}
  m_ScaleInLightmap: 1
  m_ReceiveGI: 1
  m_PreserveUVs: 0
  m_IgnoreNormalsForChartDetection: 0
  m_ImportantGI: 0
  m_StitchLightmapSeams: 1
  m_SelectedEditorRenderState: 3
  m_MinimumChartSize: 4
  m_AutoUVMaxDistance: 0.5
  m_AutoUVMaxAngle: 89
  m_LightmapParameters: {fileID: 0}
  m_SortingLayerID: 0
  m_SortingLayer: 0
  m_SortingOrder: 0
  m_AdditionalVertexStreams: {fileID: 0}
--- !u!65 &3308942613458582467
BoxCollider:
  m_ObjectHideFlags: 0
  m_CorrespondingSourceObject: {fileID: 0}
  m_PrefabInstance: {fileID: 0}
  m_PrefabAsset: {fileID: 0}
  m_GameObject: {fileID: 270856868945281542}
  m_Material: {fileID: 0}
  m_IsTrigger: 0
  m_Enabled: 1
  serializedVersion: 2
  m_Size: {x: 1, y: 1, z: 1}
  m_Center: {x: 5.421011e-20, y: 0, z: -2.2737368e-13}
--- !u!1 &411346100029040685
GameObject:
  m_ObjectHideFlags: 0
  m_CorrespondingSourceObject: {fileID: 0}
  m_PrefabInstance: {fileID: 0}
  m_PrefabAsset: {fileID: 0}
  serializedVersion: 6
  m_Component:
  - component: {fileID: 3031466987664386419}
  m_Layer: 0
  m_Name: Interacting Zones
  m_TagString: Untagged
  m_Icon: {fileID: 0}
  m_NavMeshLayer: 0
  m_StaticEditorFlags: 0
  m_IsActive: 1
--- !u!4 &3031466987664386419
Transform:
  m_ObjectHideFlags: 0
  m_CorrespondingSourceObject: {fileID: 0}
  m_PrefabInstance: {fileID: 0}
  m_PrefabAsset: {fileID: 0}
  m_GameObject: {fileID: 411346100029040685}
  m_LocalRotation: {x: -0.00000008146034, y: 0.00000008742278, z: -7.12149e-15, w: 1}
  m_LocalPosition: {x: 3.7846537, y: -0.09029233, z: -2.1347213}
  m_LocalScale: {x: 0.16666667, y: 0.16666667, z: 0.16666667}
  m_Children:
  - {fileID: 1296289482185807424}
  - {fileID: 935087107904083538}
  - {fileID: 4818343731692008106}
  m_Father: {fileID: 1862193340172345577}
  m_RootOrder: 5
  m_LocalEulerAnglesHint: {x: 0, y: 0, z: 0}
--- !u!1 &1340953758080858707
GameObject:
  m_ObjectHideFlags: 0
  m_CorrespondingSourceObject: {fileID: 0}
  m_PrefabInstance: {fileID: 0}
  m_PrefabAsset: {fileID: 0}
  serializedVersion: 6
  m_Component:
  - component: {fileID: 1862193340172345577}
  - component: {fileID: 3348441094518812492}
  - component: {fileID: 692703486710504326}
  m_Layer: 0
  m_Name: Inside_Trailer_Prefab
  m_TagString: Untagged
  m_Icon: {fileID: 0}
  m_NavMeshLayer: 0
  m_StaticEditorFlags: 0
  m_IsActive: 1
--- !u!4 &1862193340172345577
Transform:
  m_ObjectHideFlags: 0
  m_CorrespondingSourceObject: {fileID: 0}
  m_PrefabInstance: {fileID: 0}
  m_PrefabAsset: {fileID: 0}
  m_GameObject: {fileID: 1340953758080858707}
  m_LocalRotation: {x: 0.00000008146034, y: -0.00000008742278, z: 7.12149e-15, w: 1}
  m_LocalPosition: {x: 0, y: 0, z: 0}
  m_LocalScale: {x: 6, y: 6, z: 6}
  m_Children:
  - {fileID: 2170626580009809779}
  - {fileID: 3439474508066295261}
  - {fileID: 4147721388298437692}
  - {fileID: 3959300619255701539}
  - {fileID: 3837578212740420379}
  - {fileID: 3031466987664386419}
  - {fileID: 6863812012399121788}
  - {fileID: 2497152097332297604}
  m_Father: {fileID: 0}
  m_RootOrder: 0
  m_LocalEulerAnglesHint: {x: 0, y: 0, z: 0}
--- !u!33 &3348441094518812492
MeshFilter:
  m_ObjectHideFlags: 0
  m_CorrespondingSourceObject: {fileID: 0}
  m_PrefabInstance: {fileID: 0}
  m_PrefabAsset: {fileID: 0}
  m_GameObject: {fileID: 1340953758080858707}
  m_Mesh: {fileID: -3642460289267511807, guid: 2c51337827fe44a40a3cdc72ee100a11, type: 3}
--- !u!23 &692703486710504326
MeshRenderer:
  m_ObjectHideFlags: 0
  m_CorrespondingSourceObject: {fileID: 0}
  m_PrefabInstance: {fileID: 0}
  m_PrefabAsset: {fileID: 0}
  m_GameObject: {fileID: 1340953758080858707}
  m_Enabled: 1
  m_CastShadows: 1
  m_ReceiveShadows: 1
  m_DynamicOccludee: 1
  m_MotionVectors: 1
  m_LightProbeUsage: 1
  m_ReflectionProbeUsage: 1
  m_RayTracingMode: 2
  m_RayTraceProcedural: 0
  m_RenderingLayerMask: 1
  m_RendererPriority: 0
  m_Materials:
  - {fileID: 2100000, guid: 5e37bddb250c928458072605edb75880, type: 2}
  - {fileID: 2100000, guid: eedd130c3f0819748800e278b2b1725c, type: 2}
  - {fileID: 2100000, guid: 0b576013d9eb5044b9324426f2ffe681, type: 2}
  - {fileID: 2100000, guid: e7ea4096f1c93784cb429bf3a4f435e3, type: 2}
  - {fileID: 2100000, guid: 43ca28ab0a110f6499645e43c340c90e, type: 2}
  - {fileID: 2100000, guid: e4a92bcde7d301b48a885802fec0c95f, type: 2}
  - {fileID: 2100000, guid: 57647e59b3fea444ca12e725a45af317, type: 2}
  - {fileID: 2100000, guid: 00cbefb9cfaee514cbb9b937cc71e8c6, type: 2}
  m_StaticBatchInfo:
    firstSubMesh: 0
    subMeshCount: 0
  m_StaticBatchRoot: {fileID: 0}
  m_ProbeAnchor: {fileID: 0}
  m_LightProbeVolumeOverride: {fileID: 0}
  m_ScaleInLightmap: 1
  m_ReceiveGI: 1
  m_PreserveUVs: 0
  m_IgnoreNormalsForChartDetection: 0
  m_ImportantGI: 0
  m_StitchLightmapSeams: 1
  m_SelectedEditorRenderState: 3
  m_MinimumChartSize: 4
  m_AutoUVMaxDistance: 0.5
  m_AutoUVMaxAngle: 89
  m_LightmapParameters: {fileID: 0}
  m_SortingLayerID: 0
  m_SortingLayer: 0
  m_SortingOrder: 0
  m_AdditionalVertexStreams: {fileID: 0}
--- !u!1 &1356285177550608973
GameObject:
  m_ObjectHideFlags: 0
  m_CorrespondingSourceObject: {fileID: 0}
  m_PrefabInstance: {fileID: 0}
  m_PrefabAsset: {fileID: 0}
  serializedVersion: 6
  m_Component:
  - component: {fileID: 935087107904083538}
  - component: {fileID: 3857823358536979305}
  - component: {fileID: 8587532043655322452}
  m_Layer: 0
  m_Name: Gas_Grab_Zone
  m_TagString: Untagged
  m_Icon: {fileID: 0}
  m_NavMeshLayer: 0
  m_StaticEditorFlags: 0
  m_IsActive: 1
--- !u!4 &935087107904083538
Transform:
  m_ObjectHideFlags: 0
  m_CorrespondingSourceObject: {fileID: 0}
  m_PrefabInstance: {fileID: 0}
  m_PrefabAsset: {fileID: 0}
  m_GameObject: {fileID: 1356285177550608973}
  m_LocalRotation: {x: 0, y: 0, z: 0, w: 1}
  m_LocalPosition: {x: 51.95, y: -10.89, z: -5.97}
  m_LocalScale: {x: 5.7582, y: 5.7582, z: 11.79508}
  m_Children: []
  m_Father: {fileID: 3031466987664386419}
  m_RootOrder: 1
  m_LocalEulerAnglesHint: {x: 0, y: 0, z: 0}
--- !u!65 &3857823358536979305
BoxCollider:
  m_ObjectHideFlags: 0
  m_CorrespondingSourceObject: {fileID: 0}
  m_PrefabInstance: {fileID: 0}
  m_PrefabAsset: {fileID: 0}
  m_GameObject: {fileID: 1356285177550608973}
  m_Material: {fileID: 0}
  m_IsTrigger: 1
  m_Enabled: 1
  serializedVersion: 2
  m_Size: {x: 1, y: 1, z: 1}
  m_Center: {x: 5.421011e-20, y: 0, z: -2.2737368e-13}
--- !u!114 &8587532043655322452
MonoBehaviour:
  m_ObjectHideFlags: 0
  m_CorrespondingSourceObject: {fileID: 0}
  m_PrefabInstance: {fileID: 0}
  m_PrefabAsset: {fileID: 0}
  m_GameObject: {fileID: 1356285177550608973}
  m_Enabled: 1
  m_EditorHideFlags: 0
  m_Script: {fileID: 11500000, guid: a64ee3f41a5d6c044bd3c022cdb4565d, type: 3}
  m_Name: 
  m_EditorClassIdentifier: 
  grabKey: 102
  gasTubeGO: {fileID: 0}
  gasHandPosition: {fileID: 0}
--- !u!1 &1871234181190573644
GameObject:
  m_ObjectHideFlags: 0
  m_CorrespondingSourceObject: {fileID: 0}
  m_PrefabInstance: {fileID: 0}
  m_PrefabAsset: {fileID: 0}
  serializedVersion: 6
  m_Component:
  - component: {fileID: 4147721388298437692}
  m_Layer: 0
  m_Name: Lights
  m_TagString: Untagged
  m_Icon: {fileID: 0}
  m_NavMeshLayer: 0
  m_StaticEditorFlags: 0
  m_IsActive: 1
--- !u!4 &4147721388298437692
Transform:
  m_ObjectHideFlags: 0
  m_CorrespondingSourceObject: {fileID: 0}
  m_PrefabInstance: {fileID: 0}
  m_PrefabAsset: {fileID: 0}
  m_GameObject: {fileID: 1871234181190573644}
  m_LocalRotation: {x: -0.00000008146034, y: 0.00000008742278, z: -7.12149e-15, w: 1}
  m_LocalPosition: {x: 3.9842079, y: 0.035120215, z: -2.2131863}
  m_LocalScale: {x: 0.16666667, y: 0.16666667, z: 0.16666667}
  m_Children: []
  m_Father: {fileID: 1862193340172345577}
  m_RootOrder: 2
  m_LocalEulerAnglesHint: {x: 0, y: 0, z: 0}
--- !u!1 &5640265639773631410
GameObject:
  m_ObjectHideFlags: 0
  m_CorrespondingSourceObject: {fileID: 0}
  m_PrefabInstance: {fileID: 0}
  m_PrefabAsset: {fileID: 0}
  serializedVersion: 6
  m_Component:
  - component: {fileID: 4818343731692008106}
  - component: {fileID: 6712428451249240864}
  - component: {fileID: 5839764314306565821}
  m_Layer: 0
  m_Name: Door_Zone
  m_TagString: Untagged
  m_Icon: {fileID: 0}
  m_NavMeshLayer: 0
  m_StaticEditorFlags: 0
  m_IsActive: 1
--- !u!4 &4818343731692008106
Transform:
  m_ObjectHideFlags: 0
  m_CorrespondingSourceObject: {fileID: 0}
  m_PrefabInstance: {fileID: 0}
  m_PrefabAsset: {fileID: 0}
  m_GameObject: {fileID: 5640265639773631410}
  m_LocalRotation: {x: 0, y: 0, z: 0, w: 1}
  m_LocalPosition: {x: 25.63, y: -4.1, z: -11.32}
  m_LocalScale: {x: 11.930625, y: 20.1691, z: 7.8374314}
  m_Children: []
  m_Father: {fileID: 3031466987664386419}
  m_RootOrder: 2
  m_LocalEulerAnglesHint: {x: 0, y: 0, z: 0}
--- !u!65 &6712428451249240864
BoxCollider:
  m_ObjectHideFlags: 0
  m_CorrespondingSourceObject: {fileID: 0}
  m_PrefabInstance: {fileID: 0}
  m_PrefabAsset: {fileID: 0}
  m_GameObject: {fileID: 5640265639773631410}
  m_Material: {fileID: 0}
  m_IsTrigger: 1
  m_Enabled: 1
  serializedVersion: 2
  m_Size: {x: 1, y: 1, z: 1}
  m_Center: {x: 5.421011e-20, y: 0, z: -2.2737368e-13}
--- !u!114 &5839764314306565821
MonoBehaviour:
  m_ObjectHideFlags: 0
  m_CorrespondingSourceObject: {fileID: 0}
  m_PrefabInstance: {fileID: 0}
  m_PrefabAsset: {fileID: 0}
  m_GameObject: {fileID: 5640265639773631410}
  m_Enabled: 1
  m_EditorHideFlags: 0
  m_Script: {fileID: 11500000, guid: 5e268d8e4de36c34085db7997f9706be, type: 3}
  m_Name: 
  m_EditorClassIdentifier: 
  leaveKey: 102
--- !u!1 &7703570479030229909
GameObject:
  m_ObjectHideFlags: 0
  m_CorrespondingSourceObject: {fileID: 0}
  m_PrefabInstance: {fileID: 0}
  m_PrefabAsset: {fileID: 0}
  serializedVersion: 6
  m_Component:
  - component: {fileID: 2170626580009809779}
  - component: {fileID: 1348762892138888457}
  - component: {fileID: 3102591248347268333}
  - component: {fileID: 3400735007600621669}
  - component: {fileID: 2196620626680198636}
  - component: {fileID: 1935442603680004122}
  - component: {fileID: 7982505035765966359}
  m_Layer: 0
  m_Name: Colliders
  m_TagString: Untagged
  m_Icon: {fileID: 0}
  m_NavMeshLayer: 0
  m_StaticEditorFlags: 0
  m_IsActive: 1
--- !u!4 &2170626580009809779
Transform:
  m_ObjectHideFlags: 0
  m_CorrespondingSourceObject: {fileID: 0}
  m_PrefabInstance: {fileID: 0}
  m_PrefabAsset: {fileID: 0}
  m_GameObject: {fileID: 7703570479030229909}
  m_LocalRotation: {x: 0, y: 0, z: 0, w: 1}
  m_LocalPosition: {x: 0, y: 0, z: 0}
  m_LocalScale: {x: 1, y: 1, z: 1}
  m_Children: []
  m_Father: {fileID: 1862193340172345577}
  m_RootOrder: 0
  m_LocalEulerAnglesHint: {x: 0, y: 0, z: 0}
--- !u!65 &1348762892138888457
BoxCollider:
  m_ObjectHideFlags: 0
  m_CorrespondingSourceObject: {fileID: 0}
  m_PrefabInstance: {fileID: 0}
  m_PrefabAsset: {fileID: 0}
  m_GameObject: {fileID: 7703570479030229909}
  m_Material: {fileID: 0}
  m_IsTrigger: 0
  m_Enabled: 1
  serializedVersion: 2
  m_Size: {x: 18.184101, y: 0.3669796, z: 5.4725637}
  m_Center: {x: 5.886608, y: -2.6927457, z: -2.2362816}
--- !u!65 &3102591248347268333
BoxCollider:
  m_ObjectHideFlags: 0
  m_CorrespondingSourceObject: {fileID: 0}
  m_PrefabInstance: {fileID: 0}
  m_PrefabAsset: {fileID: 0}
  m_GameObject: {fileID: 7703570479030229909}
  m_Material: {fileID: 0}
  m_IsTrigger: 0
  m_Enabled: 1
  serializedVersion: 2
  m_Size: {x: 18.238333, y: 5.02596, z: 0.85642135}
  m_Center: {x: 5.838188, y: -0.16260514, z: 0.071791396}
--- !u!65 &3400735007600621669
BoxCollider:
  m_ObjectHideFlags: 0
  m_CorrespondingSourceObject: {fileID: 0}
  m_PrefabInstance: {fileID: 0}
  m_PrefabAsset: {fileID: 0}
  m_GameObject: {fileID: 7703570479030229909}
  m_Material: {fileID: 0}
  m_IsTrigger: 0
  m_Enabled: 1
  serializedVersion: 2
  m_Size: {x: 18.14635, y: 5.02596, z: 0.89894617}
  m_Center: {x: 5.9054985, y: -0.16260514, z: -4.938682}
--- !u!65 &2196620626680198636
BoxCollider:
  m_ObjectHideFlags: 0
  m_CorrespondingSourceObject: {fileID: 0}
  m_PrefabInstance: {fileID: 0}
  m_PrefabAsset: {fileID: 0}
  m_GameObject: {fileID: 7703570479030229909}
  m_Material: {fileID: 0}
  m_IsTrigger: 0
  m_Enabled: 1
  serializedVersion: 2
  m_Size: {x: 18.12503, y: 0.3669796, z: 5.4725637}
  m_Center: {x: 5.894823, y: 2.23, z: -2.2362816}
--- !u!65 &1935442603680004122
BoxCollider:
  m_ObjectHideFlags: 0
  m_CorrespondingSourceObject: {fileID: 0}
  m_PrefabInstance: {fileID: 0}
  m_PrefabAsset: {fileID: 0}
  m_GameObject: {fileID: 7703570479030229909}
  m_Material: {fileID: 0}
  m_IsTrigger: 0
  m_Enabled: 1
  serializedVersion: 2
  m_Size: {x: 2.3541465, y: 5.0857496, z: 5.694232}
  m_Center: {x: 15.903305, y: -0.22236301, z: -2.3471172}
--- !u!65 &7982505035765966359
BoxCollider:
  m_ObjectHideFlags: 0
  m_CorrespondingSourceObject: {fileID: 0}
  m_PrefabInstance: {fileID: 0}
  m_PrefabAsset: {fileID: 0}
  m_GameObject: {fileID: 7703570479030229909}
  m_Material: {fileID: 0}
  m_IsTrigger: 0
  m_Enabled: 1
  serializedVersion: 2
  m_Size: {x: 2.4595125, y: 5.271751, z: 5.694232}
  m_Center: {x: -4.129743, y: -0.1829869, z: -2.3471172}
--- !u!1 &7708999298183889236
GameObject:
  m_ObjectHideFlags: 0
  m_CorrespondingSourceObject: {fileID: 0}
  m_PrefabInstance: {fileID: 0}
  m_PrefabAsset: {fileID: 0}
  serializedVersion: 6
  m_Component:
  - component: {fileID: 3959300619255701539}
  - component: {fileID: 3244710414588597307}
  - component: {fileID: 7552961522154233405}
  - component: {fileID: 2527520373582079926}
  m_Layer: 0
  m_Name: Block_NormalGlitch
  m_TagString: Untagged
  m_Icon: {fileID: 0}
  m_NavMeshLayer: 0
  m_StaticEditorFlags: 0
  m_IsActive: 1
--- !u!4 &3959300619255701539
Transform:
  m_ObjectHideFlags: 0
  m_CorrespondingSourceObject: {fileID: 0}
  m_PrefabInstance: {fileID: 0}
  m_PrefabAsset: {fileID: 0}
  m_GameObject: {fileID: 7708999298183889236}
  m_LocalRotation: {x: 0, y: 0, z: 0, w: 1}
  m_LocalPosition: {x: -1.206, y: 1.848, z: -4.879}
  m_LocalScale: {x: 1.4866154, y: 0.028454, z: 0.111035086}
  m_Children: []
  m_Father: {fileID: 1862193340172345577}
  m_RootOrder: 3
  m_LocalEulerAnglesHint: {x: 0, y: 0, z: 0}
--- !u!33 &3244710414588597307
MeshFilter:
  m_ObjectHideFlags: 0
  m_CorrespondingSourceObject: {fileID: 0}
  m_PrefabInstance: {fileID: 0}
  m_PrefabAsset: {fileID: 0}
  m_GameObject: {fileID: 7708999298183889236}
  m_Mesh: {fileID: 10202, guid: 0000000000000000e000000000000000, type: 0}
--- !u!23 &7552961522154233405
MeshRenderer:
  m_ObjectHideFlags: 0
  m_CorrespondingSourceObject: {fileID: 0}
  m_PrefabInstance: {fileID: 0}
  m_PrefabAsset: {fileID: 0}
  m_GameObject: {fileID: 7708999298183889236}
  m_Enabled: 1
  m_CastShadows: 1
  m_ReceiveShadows: 1
  m_DynamicOccludee: 1
  m_MotionVectors: 1
  m_LightProbeUsage: 1
  m_ReflectionProbeUsage: 1
  m_RayTracingMode: 2
  m_RayTraceProcedural: 0
  m_RenderingLayerMask: 1
  m_RendererPriority: 0
  m_Materials:
  - {fileID: 2100000, guid: 5e37bddb250c928458072605edb75880, type: 2}
  m_StaticBatchInfo:
    firstSubMesh: 0
    subMeshCount: 0
  m_StaticBatchRoot: {fileID: 0}
  m_ProbeAnchor: {fileID: 0}
  m_LightProbeVolumeOverride: {fileID: 0}
  m_ScaleInLightmap: 1
  m_ReceiveGI: 1
  m_PreserveUVs: 0
  m_IgnoreNormalsForChartDetection: 0
  m_ImportantGI: 0
  m_StitchLightmapSeams: 1
  m_SelectedEditorRenderState: 3
  m_MinimumChartSize: 4
  m_AutoUVMaxDistance: 0.5
  m_AutoUVMaxAngle: 89
  m_LightmapParameters: {fileID: 0}
  m_SortingLayerID: 0
  m_SortingLayer: 0
  m_SortingOrder: 0
  m_AdditionalVertexStreams: {fileID: 0}
--- !u!65 &2527520373582079926
BoxCollider:
  m_ObjectHideFlags: 0
  m_CorrespondingSourceObject: {fileID: 0}
  m_PrefabInstance: {fileID: 0}
  m_PrefabAsset: {fileID: 0}
  m_GameObject: {fileID: 7708999298183889236}
  m_Material: {fileID: 0}
  m_IsTrigger: 0
  m_Enabled: 1
  serializedVersion: 2
  m_Size: {x: 1, y: 1, z: 1}
  m_Center: {x: 5.421011e-20, y: 0, z: -2.2737368e-13}
--- !u!1 &7899266833689471513
GameObject:
  m_ObjectHideFlags: 0
  m_CorrespondingSourceObject: {fileID: 0}
  m_PrefabInstance: {fileID: 0}
  m_PrefabAsset: {fileID: 0}
  serializedVersion: 6
  m_Component:
  - component: {fileID: 1296289482185807424}
  - component: {fileID: 5889105542199892042}
  - component: {fileID: 7373472281737814960}
  m_Layer: 0
  m_Name: Grab_Zone
  m_TagString: Untagged
  m_Icon: {fileID: 0}
  m_NavMeshLayer: 0
  m_StaticEditorFlags: 0
  m_IsActive: 1
--- !u!4 &1296289482185807424
Transform:
  m_ObjectHideFlags: 0
  m_CorrespondingSourceObject: {fileID: 0}
  m_PrefabInstance: {fileID: 0}
  m_PrefabAsset: {fileID: 0}
  m_GameObject: {fileID: 7899266833689471513}
  m_LocalRotation: {x: 0, y: 0, z: 0, w: 1}
  m_LocalPosition: {x: 6.21, y: -10.89, z: -3.32}
  m_LocalScale: {x: 5.7582, y: 5.7582, z: 11.79508}
  m_Children: []
  m_Father: {fileID: 3031466987664386419}
  m_RootOrder: 0
  m_LocalEulerAnglesHint: {x: 0, y: 0, z: 0}
--- !u!65 &5889105542199892042
BoxCollider:
  m_ObjectHideFlags: 0
  m_CorrespondingSourceObject: {fileID: 0}
  m_PrefabInstance: {fileID: 0}
  m_PrefabAsset: {fileID: 0}
  m_GameObject: {fileID: 7899266833689471513}
  m_Material: {fileID: 0}
  m_IsTrigger: 1
  m_Enabled: 1
  serializedVersion: 2
  m_Size: {x: 1, y: 1, z: 1}
  m_Center: {x: 5.421011e-20, y: 0, z: -2.2737368e-13}
--- !u!114 &7373472281737814960
MonoBehaviour:
  m_ObjectHideFlags: 0
  m_CorrespondingSourceObject: {fileID: 0}
  m_PrefabInstance: {fileID: 0}
  m_PrefabAsset: {fileID: 0}
  m_GameObject: {fileID: 7899266833689471513}
  m_Enabled: 1
  m_EditorHideFlags: 0
  m_Script: {fileID: 11500000, guid: 2050fe82bb90759499cabe61d85c81c6, type: 3}
  m_Name: 
  m_EditorClassIdentifier: 
  grabKey: 102
  altairGO: {fileID: 0}
  altairHandPosition: {fileID: 0}
--- !u!1 &8002564691269055941
GameObject:
  m_ObjectHideFlags: 0
  m_CorrespondingSourceObject: {fileID: 0}
  m_PrefabInstance: {fileID: 0}
  m_PrefabAsset: {fileID: 0}
  serializedVersion: 6
  m_Component:
  - component: {fileID: 3837578212740420379}
  m_Layer: 0
  m_Name: Interactables
  m_TagString: Untagged
  m_Icon: {fileID: 0}
  m_NavMeshLayer: 0
  m_StaticEditorFlags: 0
  m_IsActive: 1
--- !u!4 &3837578212740420379
Transform:
  m_ObjectHideFlags: 0
  m_CorrespondingSourceObject: {fileID: 0}
  m_PrefabInstance: {fileID: 0}
  m_PrefabAsset: {fileID: 0}
  m_GameObject: {fileID: 8002564691269055941}
  m_LocalRotation: {x: -0.00000008146034, y: 0.00000008742278, z: -7.12149e-15, w: 1}
  m_LocalPosition: {x: 13.544857, y: -2.2548225, z: -3.3040385}
  m_LocalScale: {x: 0.16666667, y: 0.16666667, z: 0.16666667}
  m_Children:
  - {fileID: 927040493819174065}
  - {fileID: 401556610898845257}
  - {fileID: 5170274137971579134}
  m_Father: {fileID: 1862193340172345577}
  m_RootOrder: 4
  m_LocalEulerAnglesHint: {x: 0, y: 0, z: 0}
--- !u!1 &8098694569044947551
GameObject:
  m_ObjectHideFlags: 0
  m_CorrespondingSourceObject: {fileID: 0}
  m_PrefabInstance: {fileID: 0}
  m_PrefabAsset: {fileID: 0}
  serializedVersion: 6
  m_Component:
  - component: {fileID: 3439474508066295261}
  m_Layer: 0
  m_Name: Furniture
  m_TagString: Untagged
  m_Icon: {fileID: 0}
  m_NavMeshLayer: 0
  m_StaticEditorFlags: 0
  m_IsActive: 1
--- !u!4 &3439474508066295261
Transform:
  m_ObjectHideFlags: 0
  m_CorrespondingSourceObject: {fileID: 0}
  m_PrefabInstance: {fileID: 0}
  m_PrefabAsset: {fileID: 0}
  m_GameObject: {fileID: 8098694569044947551}
  m_LocalRotation: {x: 0, y: 0, z: 0, w: 1}
  m_LocalPosition: {x: 0, y: 0, z: 0}
  m_LocalScale: {x: 1, y: 1, z: 1}
  m_Children:
  - {fileID: 1641080292608533340}
  - {fileID: 1918042413201108549}
  - {fileID: 9073201219876275923}
  - {fileID: 4759922012210604459}
  - {fileID: 4203969099638813075}
  - {fileID: 894294542408097421}
  - {fileID: 3980732604693169918}
  m_Father: {fileID: 1862193340172345577}
  m_RootOrder: 1
  m_LocalEulerAnglesHint: {x: 0, y: 0, z: 0}
--- !u!1001 &783583283304712688
PrefabInstance:
  m_ObjectHideFlags: 0
  serializedVersion: 2
  m_Modification:
    m_TransformParent: {fileID: 3439474508066295261}
    m_Modifications:
    - target: {fileID: 3497229035849611363, guid: a97e3335f05affb4d9a84b504b18e59a,
        type: 3}
      propertyPath: m_RootOrder
      value: 4
      objectReference: {fileID: 0}
    - target: {fileID: 3497229035849611363, guid: a97e3335f05affb4d9a84b504b18e59a,
        type: 3}
      propertyPath: m_LocalPosition.x
      value: 6.554
      objectReference: {fileID: 0}
    - target: {fileID: 3497229035849611363, guid: a97e3335f05affb4d9a84b504b18e59a,
        type: 3}
      propertyPath: m_LocalPosition.y
      value: -2.47
      objectReference: {fileID: 0}
    - target: {fileID: 3497229035849611363, guid: a97e3335f05affb4d9a84b504b18e59a,
        type: 3}
      propertyPath: m_LocalPosition.z
      value: -1.502
      objectReference: {fileID: 0}
    - target: {fileID: 3497229035849611363, guid: a97e3335f05affb4d9a84b504b18e59a,
        type: 3}
      propertyPath: m_LocalRotation.w
      value: 1
      objectReference: {fileID: 0}
    - target: {fileID: 3497229035849611363, guid: a97e3335f05affb4d9a84b504b18e59a,
        type: 3}
      propertyPath: m_LocalRotation.x
      value: 0
      objectReference: {fileID: 0}
    - target: {fileID: 3497229035849611363, guid: a97e3335f05affb4d9a84b504b18e59a,
        type: 3}
      propertyPath: m_LocalRotation.y
      value: 0
      objectReference: {fileID: 0}
    - target: {fileID: 3497229035849611363, guid: a97e3335f05affb4d9a84b504b18e59a,
        type: 3}
      propertyPath: m_LocalRotation.z
      value: 0
      objectReference: {fileID: 0}
    - target: {fileID: 3497229035849611363, guid: a97e3335f05affb4d9a84b504b18e59a,
        type: 3}
      propertyPath: m_LocalEulerAnglesHint.x
      value: 0
      objectReference: {fileID: 0}
    - target: {fileID: 3497229035849611363, guid: a97e3335f05affb4d9a84b504b18e59a,
        type: 3}
      propertyPath: m_LocalEulerAnglesHint.y
      value: 0
      objectReference: {fileID: 0}
    - target: {fileID: 3497229035849611363, guid: a97e3335f05affb4d9a84b504b18e59a,
        type: 3}
      propertyPath: m_LocalEulerAnglesHint.z
      value: 0
      objectReference: {fileID: 0}
    - target: {fileID: 4306417523945841369, guid: a97e3335f05affb4d9a84b504b18e59a,
        type: 3}
      propertyPath: m_Name
      value: Office_Chair
      objectReference: {fileID: 0}
    m_RemovedComponents: []
  m_SourcePrefab: {fileID: 100100000, guid: a97e3335f05affb4d9a84b504b18e59a, type: 3}
--- !u!4 &4203969099638813075 stripped
Transform:
  m_CorrespondingSourceObject: {fileID: 3497229035849611363, guid: a97e3335f05affb4d9a84b504b18e59a,
    type: 3}
  m_PrefabInstance: {fileID: 783583283304712688}
  m_PrefabAsset: {fileID: 0}
--- !u!1001 &1017561798824888282
PrefabInstance:
  m_ObjectHideFlags: 0
  serializedVersion: 2
  m_Modification:
    m_TransformParent: {fileID: 3439474508066295261}
    m_Modifications:
    - target: {fileID: 8355698348181340425, guid: 8b602b1693a0d744ab81f24200f56812,
        type: 3}
      propertyPath: m_RootOrder
      value: 2
      objectReference: {fileID: 0}
    - target: {fileID: 8355698348181340425, guid: 8b602b1693a0d744ab81f24200f56812,
        type: 3}
      propertyPath: m_LocalPosition.x
      value: 6.35
      objectReference: {fileID: 0}
    - target: {fileID: 8355698348181340425, guid: 8b602b1693a0d744ab81f24200f56812,
        type: 3}
      propertyPath: m_LocalPosition.y
      value: -2.49
      objectReference: {fileID: 0}
    - target: {fileID: 8355698348181340425, guid: 8b602b1693a0d744ab81f24200f56812,
        type: 3}
      propertyPath: m_LocalPosition.z
      value: -0.85
      objectReference: {fileID: 0}
    - target: {fileID: 8355698348181340425, guid: 8b602b1693a0d744ab81f24200f56812,
        type: 3}
      propertyPath: m_LocalRotation.w
      value: -0.5
      objectReference: {fileID: 0}
    - target: {fileID: 8355698348181340425, guid: 8b602b1693a0d744ab81f24200f56812,
        type: 3}
      propertyPath: m_LocalRotation.x
      value: 0.50000006
      objectReference: {fileID: 0}
    - target: {fileID: 8355698348181340425, guid: 8b602b1693a0d744ab81f24200f56812,
        type: 3}
      propertyPath: m_LocalRotation.y
      value: 0.49999997
      objectReference: {fileID: 0}
    - target: {fileID: 8355698348181340425, guid: 8b602b1693a0d744ab81f24200f56812,
        type: 3}
      propertyPath: m_LocalRotation.z
      value: 0.5
      objectReference: {fileID: 0}
    - target: {fileID: 8355698348181340425, guid: 8b602b1693a0d744ab81f24200f56812,
        type: 3}
      propertyPath: m_LocalEulerAnglesHint.x
      value: 0
      objectReference: {fileID: 0}
    - target: {fileID: 8355698348181340425, guid: 8b602b1693a0d744ab81f24200f56812,
        type: 3}
      propertyPath: m_LocalEulerAnglesHint.y
      value: 0
      objectReference: {fileID: 0}
    - target: {fileID: 8355698348181340425, guid: 8b602b1693a0d744ab81f24200f56812,
        type: 3}
      propertyPath: m_LocalEulerAnglesHint.z
      value: 0
      objectReference: {fileID: 0}
    - target: {fileID: 8700593617180990387, guid: 8b602b1693a0d744ab81f24200f56812,
        type: 3}
      propertyPath: m_Name
      value: Plain_Desk (1)
      objectReference: {fileID: 0}
    m_RemovedComponents: []
  m_SourcePrefab: {fileID: 100100000, guid: 8b602b1693a0d744ab81f24200f56812, type: 3}
--- !u!4 &9073201219876275923 stripped
Transform:
  m_CorrespondingSourceObject: {fileID: 8355698348181340425, guid: 8b602b1693a0d744ab81f24200f56812,
    type: 3}
  m_PrefabInstance: {fileID: 1017561798824888282}
  m_PrefabAsset: {fileID: 0}
--- !u!1001 &1147214424220538606
PrefabInstance:
  m_ObjectHideFlags: 0
  serializedVersion: 2
  m_Modification:
    m_TransformParent: {fileID: 3837578212740420379}
    m_Modifications:
    - target: {fileID: 4855136804619261098, guid: 4a093edf9d5f0164fb1189ae3c90b51a,
        type: 3}
      propertyPath: m_Name
      value: Cilindro_Gas Variant
      objectReference: {fileID: 0}
    - target: {fileID: 5200313552576040464, guid: 4a093edf9d5f0164fb1189ae3c90b51a,
        type: 3}
      propertyPath: m_RootOrder
      value: 2
      objectReference: {fileID: 0}
    - target: {fileID: 5200313552576040464, guid: 4a093edf9d5f0164fb1189ae3c90b51a,
        type: 3}
      propertyPath: m_LocalPosition.x
      value: 0.18
      objectReference: {fileID: 0}
    - target: {fileID: 5200313552576040464, guid: 4a093edf9d5f0164fb1189ae3c90b51a,
        type: 3}
      propertyPath: m_LocalPosition.y
      value: 6.7
      objectReference: {fileID: 0}
    - target: {fileID: 5200313552576040464, guid: 4a093edf9d5f0164fb1189ae3c90b51a,
        type: 3}
      propertyPath: m_LocalPosition.z
      value: -0
      objectReference: {fileID: 0}
    - target: {fileID: 5200313552576040464, guid: 4a093edf9d5f0164fb1189ae3c90b51a,
        type: 3}
      propertyPath: m_LocalRotation.w
      value: 0.50008726
      objectReference: {fileID: 0}
    - target: {fileID: 5200313552576040464, guid: 4a093edf9d5f0164fb1189ae3c90b51a,
        type: 3}
      propertyPath: m_LocalRotation.x
      value: -0.49991274
      objectReference: {fileID: 0}
    - target: {fileID: 5200313552576040464, guid: 4a093edf9d5f0164fb1189ae3c90b51a,
        type: 3}
      propertyPath: m_LocalRotation.y
      value: -0.50008726
      objectReference: {fileID: 0}
    - target: {fileID: 5200313552576040464, guid: 4a093edf9d5f0164fb1189ae3c90b51a,
        type: 3}
      propertyPath: m_LocalRotation.z
      value: -0.49991274
      objectReference: {fileID: 0}
    - target: {fileID: 5200313552576040464, guid: 4a093edf9d5f0164fb1189ae3c90b51a,
        type: 3}
      propertyPath: m_LocalEulerAnglesHint.x
      value: -89.98
      objectReference: {fileID: 0}
    - target: {fileID: 5200313552576040464, guid: 4a093edf9d5f0164fb1189ae3c90b51a,
        type: 3}
      propertyPath: m_LocalEulerAnglesHint.y
      value: -90
      objectReference: {fileID: 0}
    - target: {fileID: 5200313552576040464, guid: 4a093edf9d5f0164fb1189ae3c90b51a,
        type: 3}
      propertyPath: m_LocalEulerAnglesHint.z
      value: 0
      objectReference: {fileID: 0}
    m_RemovedComponents: []
  m_SourcePrefab: {fileID: 100100000, guid: 4a093edf9d5f0164fb1189ae3c90b51a, type: 3}
--- !u!4 &5170274137971579134 stripped
Transform:
  m_CorrespondingSourceObject: {fileID: 5200313552576040464, guid: 4a093edf9d5f0164fb1189ae3c90b51a,
    type: 3}
  m_PrefabInstance: {fileID: 1147214424220538606}
  m_PrefabAsset: {fileID: 0}
--- !u!1001 &1246635808441369783
PrefabInstance:
  m_ObjectHideFlags: 0
  serializedVersion: 2
  m_Modification:
    m_TransformParent: {fileID: 3439474508066295261}
    m_Modifications:
    - target: {fileID: -8679921383154817045, guid: 92d9031de4ba6a34d8cac3f7ca2030a5,
        type: 3}
      propertyPath: m_RootOrder
      value: 0
      objectReference: {fileID: 0}
    - target: {fileID: -8679921383154817045, guid: 92d9031de4ba6a34d8cac3f7ca2030a5,
        type: 3}
      propertyPath: m_LocalPosition.x
      value: 0.094
      objectReference: {fileID: 0}
    - target: {fileID: -8679921383154817045, guid: 92d9031de4ba6a34d8cac3f7ca2030a5,
        type: 3}
      propertyPath: m_LocalPosition.y
      value: -1.147
      objectReference: {fileID: 0}
    - target: {fileID: -8679921383154817045, guid: 92d9031de4ba6a34d8cac3f7ca2030a5,
        type: 3}
      propertyPath: m_LocalPosition.z
      value: -0.989
      objectReference: {fileID: 0}
    - target: {fileID: -8679921383154817045, guid: 92d9031de4ba6a34d8cac3f7ca2030a5,
        type: 3}
      propertyPath: m_LocalRotation.w
      value: 0.7071068
      objectReference: {fileID: 0}
    - target: {fileID: -8679921383154817045, guid: 92d9031de4ba6a34d8cac3f7ca2030a5,
        type: 3}
      propertyPath: m_LocalRotation.x
      value: 0.00000005760116
      objectReference: {fileID: 0}
    - target: {fileID: -8679921383154817045, guid: 92d9031de4ba6a34d8cac3f7ca2030a5,
        type: 3}
      propertyPath: m_LocalRotation.y
      value: -0.7071067
      objectReference: {fileID: 0}
    - target: {fileID: -8679921383154817045, guid: 92d9031de4ba6a34d8cac3f7ca2030a5,
        type: 3}
      propertyPath: m_LocalRotation.z
      value: 0.00000005760115
      objectReference: {fileID: 0}
    - target: {fileID: -8679921383154817045, guid: 92d9031de4ba6a34d8cac3f7ca2030a5,
        type: 3}
      propertyPath: m_LocalEulerAnglesHint.x
      value: 0
      objectReference: {fileID: 0}
    - target: {fileID: -8679921383154817045, guid: 92d9031de4ba6a34d8cac3f7ca2030a5,
        type: 3}
      propertyPath: m_LocalEulerAnglesHint.y
      value: 0
      objectReference: {fileID: 0}
    - target: {fileID: -8679921383154817045, guid: 92d9031de4ba6a34d8cac3f7ca2030a5,
        type: 3}
      propertyPath: m_LocalEulerAnglesHint.z
      value: 0
      objectReference: {fileID: 0}
    - target: {fileID: 919132149155446097, guid: 92d9031de4ba6a34d8cac3f7ca2030a5,
        type: 3}
      propertyPath: m_Name
      value: Desk_Props
      objectReference: {fileID: 0}
    m_RemovedComponents: []
  m_SourcePrefab: {fileID: 100100000, guid: 92d9031de4ba6a34d8cac3f7ca2030a5, type: 3}
--- !u!4 &1641080292608533340 stripped
Transform:
  m_CorrespondingSourceObject: {fileID: -8679921383154817045, guid: 92d9031de4ba6a34d8cac3f7ca2030a5,
    type: 3}
  m_PrefabInstance: {fileID: 1246635808441369783}
  m_PrefabAsset: {fileID: 0}
--- !u!1001 &1285994915426802819
PrefabInstance:
  m_ObjectHideFlags: 0
  serializedVersion: 2
  m_Modification:
    m_TransformParent: {fileID: 3837578212740420379}
    m_Modifications:
    - target: {fileID: 1607388459494267528, guid: 585d6c140c493f94295f3f4e13726206,
        type: 3}
      propertyPath: m_Name
      value: Base_Altair
      objectReference: {fileID: 0}
    - target: {fileID: 1607388459494267528, guid: 585d6c140c493f94295f3f4e13726206,
        type: 3}
      propertyPath: m_StaticEditorFlags
      value: 4294967295
      objectReference: {fileID: 0}
    - target: {fileID: 2091156651838505010, guid: 585d6c140c493f94295f3f4e13726206,
        type: 3}
      propertyPath: m_RootOrder
      value: 0
      objectReference: {fileID: 0}
    - target: {fileID: 2091156651838505010, guid: 585d6c140c493f94295f3f4e13726206,
        type: 3}
      propertyPath: m_LocalPosition.x
      value: -52.57
      objectReference: {fileID: 0}
    - target: {fileID: 2091156651838505010, guid: 585d6c140c493f94295f3f4e13726206,
        type: 3}
      propertyPath: m_LocalPosition.y
      value: 6.62
      objectReference: {fileID: 0}
    - target: {fileID: 2091156651838505010, guid: 585d6c140c493f94295f3f4e13726206,
        type: 3}
      propertyPath: m_LocalPosition.z
      value: 13.1
      objectReference: {fileID: 0}
    - target: {fileID: 2091156651838505010, guid: 585d6c140c493f94295f3f4e13726206,
        type: 3}
      propertyPath: m_LocalRotation.w
      value: 0.7071067
      objectReference: {fileID: 0}
    - target: {fileID: 2091156651838505010, guid: 585d6c140c493f94295f3f4e13726206,
        type: 3}
      propertyPath: m_LocalRotation.x
      value: -0.7071068
      objectReference: {fileID: 0}
    - target: {fileID: 2091156651838505010, guid: 585d6c140c493f94295f3f4e13726206,
        type: 3}
      propertyPath: m_LocalRotation.y
      value: 0
      objectReference: {fileID: 0}
    - target: {fileID: 2091156651838505010, guid: 585d6c140c493f94295f3f4e13726206,
        type: 3}
      propertyPath: m_LocalRotation.z
      value: -0
      objectReference: {fileID: 0}
    - target: {fileID: 2091156651838505010, guid: 585d6c140c493f94295f3f4e13726206,
        type: 3}
      propertyPath: m_LocalEulerAnglesHint.x
      value: 0
      objectReference: {fileID: 0}
    - target: {fileID: 2091156651838505010, guid: 585d6c140c493f94295f3f4e13726206,
        type: 3}
      propertyPath: m_LocalEulerAnglesHint.y
      value: 0
      objectReference: {fileID: 0}
    - target: {fileID: 2091156651838505010, guid: 585d6c140c493f94295f3f4e13726206,
        type: 3}
      propertyPath: m_LocalEulerAnglesHint.z
      value: 0
      objectReference: {fileID: 0}
    m_RemovedComponents:
    - {fileID: 1446183620306644242, guid: 585d6c140c493f94295f3f4e13726206, type: 3}
  m_SourcePrefab: {fileID: 100100000, guid: 585d6c140c493f94295f3f4e13726206, type: 3}
--- !u!4 &927040493819174065 stripped
Transform:
  m_CorrespondingSourceObject: {fileID: 2091156651838505010, guid: 585d6c140c493f94295f3f4e13726206,
    type: 3}
  m_PrefabInstance: {fileID: 1285994915426802819}
  m_PrefabAsset: {fileID: 0}
--- !u!1001 &3215308987557472260
PrefabInstance:
  m_ObjectHideFlags: 0
  serializedVersion: 2
  m_Modification:
    m_TransformParent: {fileID: 3837578212740420379}
    m_Modifications:
    - target: {fileID: 2469766232813759735, guid: d32ca128323c55745a4cb145ef137d12,
        type: 3}
      propertyPath: m_Name
      value: Base_Triple
      objectReference: {fileID: 0}
    - target: {fileID: 2469766232813759735, guid: d32ca128323c55745a4cb145ef137d12,
        type: 3}
      propertyPath: m_StaticEditorFlags
      value: 4294967295
      objectReference: {fileID: 0}
    - target: {fileID: 2958178727649752653, guid: d32ca128323c55745a4cb145ef137d12,
        type: 3}
      propertyPath: m_RootOrder
      value: 1
      objectReference: {fileID: 0}
    - target: {fileID: 2958178727649752653, guid: d32ca128323c55745a4cb145ef137d12,
        type: 3}
      propertyPath: m_LocalPosition.x
      value: -69.67
      objectReference: {fileID: 0}
    - target: {fileID: 2958178727649752653, guid: d32ca128323c55745a4cb145ef137d12,
        type: 3}
      propertyPath: m_LocalPosition.y
      value: 6.651
      objectReference: {fileID: 0}
    - target: {fileID: 2958178727649752653, guid: d32ca128323c55745a4cb145ef137d12,
        type: 3}
      propertyPath: m_LocalPosition.z
      value: 13.8
      objectReference: {fileID: 0}
    - target: {fileID: 2958178727649752653, guid: d32ca128323c55745a4cb145ef137d12,
        type: 3}
      propertyPath: m_LocalRotation.w
      value: 0.7071067
      objectReference: {fileID: 0}
    - target: {fileID: 2958178727649752653, guid: d32ca128323c55745a4cb145ef137d12,
        type: 3}
      propertyPath: m_LocalRotation.x
      value: -0.7071068
      objectReference: {fileID: 0}
    - target: {fileID: 2958178727649752653, guid: d32ca128323c55745a4cb145ef137d12,
        type: 3}
      propertyPath: m_LocalRotation.y
      value: 0
      objectReference: {fileID: 0}
    - target: {fileID: 2958178727649752653, guid: d32ca128323c55745a4cb145ef137d12,
        type: 3}
      propertyPath: m_LocalRotation.z
      value: -0
      objectReference: {fileID: 0}
    - target: {fileID: 2958178727649752653, guid: d32ca128323c55745a4cb145ef137d12,
        type: 3}
      propertyPath: m_LocalEulerAnglesHint.x
      value: 0
      objectReference: {fileID: 0}
    - target: {fileID: 2958178727649752653, guid: d32ca128323c55745a4cb145ef137d12,
        type: 3}
      propertyPath: m_LocalEulerAnglesHint.y
      value: 0
      objectReference: {fileID: 0}
    - target: {fileID: 2958178727649752653, guid: d32ca128323c55745a4cb145ef137d12,
        type: 3}
      propertyPath: m_LocalEulerAnglesHint.z
      value: 0
      objectReference: {fileID: 0}
    m_RemovedComponents: []
  m_SourcePrefab: {fileID: 100100000, guid: d32ca128323c55745a4cb145ef137d12, type: 3}
--- !u!4 &401556610898845257 stripped
Transform:
  m_CorrespondingSourceObject: {fileID: 2958178727649752653, guid: d32ca128323c55745a4cb145ef137d12,
    type: 3}
  m_PrefabInstance: {fileID: 3215308987557472260}
  m_PrefabAsset: {fileID: 0}
--- !u!1001 &3509674427328504085
PrefabInstance:
  m_ObjectHideFlags: 0
  serializedVersion: 2
  m_Modification:
    m_TransformParent: {fileID: 3439474508066295261}
    m_Modifications:
    - target: {fileID: -8679921383154817045, guid: 283e0672cf10bd84188e34960eb03760,
        type: 3}
      propertyPath: m_RootOrder
      value: 6
      objectReference: {fileID: 0}
    - target: {fileID: -8679921383154817045, guid: 283e0672cf10bd84188e34960eb03760,
        type: 3}
      propertyPath: m_LocalPosition.x
      value: 14.145
      objectReference: {fileID: 0}
    - target: {fileID: -8679921383154817045, guid: 283e0672cf10bd84188e34960eb03760,
        type: 3}
      propertyPath: m_LocalPosition.y
      value: -1.153
      objectReference: {fileID: 0}
    - target: {fileID: -8679921383154817045, guid: 283e0672cf10bd84188e34960eb03760,
        type: 3}
      propertyPath: m_LocalPosition.z
      value: -2.028
      objectReference: {fileID: 0}
    - target: {fileID: -8679921383154817045, guid: 283e0672cf10bd84188e34960eb03760,
        type: 3}
      propertyPath: m_LocalRotation.w
      value: 0.50475997
      objectReference: {fileID: 0}
    - target: {fileID: -8679921383154817045, guid: 283e0672cf10bd84188e34960eb03760,
        type: 3}
      propertyPath: m_LocalRotation.x
      value: -0.49519435
      objectReference: {fileID: 0}
    - target: {fileID: -8679921383154817045, guid: 283e0672cf10bd84188e34960eb03760,
        type: 3}
      propertyPath: m_LocalRotation.y
      value: -0.5047599
      objectReference: {fileID: 0}
    - target: {fileID: -8679921383154817045, guid: 283e0672cf10bd84188e34960eb03760,
        type: 3}
      propertyPath: m_LocalRotation.z
      value: -0.49519432
      objectReference: {fileID: 0}
    - target: {fileID: -8679921383154817045, guid: 283e0672cf10bd84188e34960eb03760,
        type: 3}
      propertyPath: m_LocalEulerAnglesHint.x
      value: 0
      objectReference: {fileID: 0}
    - target: {fileID: -8679921383154817045, guid: 283e0672cf10bd84188e34960eb03760,
        type: 3}
      propertyPath: m_LocalEulerAnglesHint.y
      value: 0
      objectReference: {fileID: 0}
    - target: {fileID: -8679921383154817045, guid: 283e0672cf10bd84188e34960eb03760,
        type: 3}
      propertyPath: m_LocalEulerAnglesHint.z
      value: 0
      objectReference: {fileID: 0}
    - target: {fileID: 919132149155446097, guid: 283e0672cf10bd84188e34960eb03760,
        type: 3}
      propertyPath: m_Name
      value: Laptop
      objectReference: {fileID: 0}
    m_RemovedComponents: []
  m_SourcePrefab: {fileID: 100100000, guid: 283e0672cf10bd84188e34960eb03760, type: 3}
--- !u!4 &3980732604693169918 stripped
Transform:
  m_CorrespondingSourceObject: {fileID: -8679921383154817045, guid: 283e0672cf10bd84188e34960eb03760,
    type: 3}
  m_PrefabInstance: {fileID: 3509674427328504085}
  m_PrefabAsset: {fileID: 0}
--- !u!1001 &3601688627165980834
PrefabInstance:
  m_ObjectHideFlags: 0
  serializedVersion: 2
  m_Modification:
    m_TransformParent: {fileID: 3439474508066295261}
    m_Modifications:
    - target: {fileID: 8355698348181340425, guid: 8b602b1693a0d744ab81f24200f56812,
        type: 3}
      propertyPath: m_RootOrder
      value: 3
      objectReference: {fileID: 0}
    - target: {fileID: 8355698348181340425, guid: 8b602b1693a0d744ab81f24200f56812,
        type: 3}
      propertyPath: m_LocalPosition.x
      value: 14.059
      objectReference: {fileID: 0}
    - target: {fileID: 8355698348181340425, guid: 8b602b1693a0d744ab81f24200f56812,
        type: 3}
      propertyPath: m_LocalPosition.y
      value: -2.49
      objectReference: {fileID: 0}
    - target: {fileID: 8355698348181340425, guid: 8b602b1693a0d744ab81f24200f56812,
        type: 3}
      propertyPath: m_LocalPosition.z
      value: -2.553
      objectReference: {fileID: 0}
    - target: {fileID: 8355698348181340425, guid: 8b602b1693a0d744ab81f24200f56812,
        type: 3}
      propertyPath: m_LocalRotation.w
      value: 0.70710677
      objectReference: {fileID: 0}
    - target: {fileID: 8355698348181340425, guid: 8b602b1693a0d744ab81f24200f56812,
        type: 3}
      propertyPath: m_LocalRotation.x
      value: -0.70710677
      objectReference: {fileID: 0}
    - target: {fileID: 8355698348181340425, guid: 8b602b1693a0d744ab81f24200f56812,
        type: 3}
      propertyPath: m_LocalRotation.y
      value: 0
      objectReference: {fileID: 0}
    - target: {fileID: 8355698348181340425, guid: 8b602b1693a0d744ab81f24200f56812,
        type: 3}
      propertyPath: m_LocalRotation.z
      value: 0
      objectReference: {fileID: 0}
    - target: {fileID: 8355698348181340425, guid: 8b602b1693a0d744ab81f24200f56812,
        type: 3}
      propertyPath: m_LocalEulerAnglesHint.x
      value: -90
      objectReference: {fileID: 0}
    - target: {fileID: 8355698348181340425, guid: 8b602b1693a0d744ab81f24200f56812,
        type: 3}
      propertyPath: m_LocalEulerAnglesHint.y
      value: 90
      objectReference: {fileID: 0}
    - target: {fileID: 8355698348181340425, guid: 8b602b1693a0d744ab81f24200f56812,
        type: 3}
      propertyPath: m_LocalEulerAnglesHint.z
      value: -90
      objectReference: {fileID: 0}
    - target: {fileID: 8700593617180990387, guid: 8b602b1693a0d744ab81f24200f56812,
        type: 3}
      propertyPath: m_Name
      value: Plain_Desk (2)
      objectReference: {fileID: 0}
    m_RemovedComponents: []
  m_SourcePrefab: {fileID: 100100000, guid: 8b602b1693a0d744ab81f24200f56812, type: 3}
--- !u!4 &4759922012210604459 stripped
Transform:
  m_CorrespondingSourceObject: {fileID: 8355698348181340425, guid: 8b602b1693a0d744ab81f24200f56812,
    type: 3}
  m_PrefabInstance: {fileID: 3601688627165980834}
  m_PrefabAsset: {fileID: 0}
--- !u!1001 &4386940767326791406
PrefabInstance:
  m_ObjectHideFlags: 0
  serializedVersion: 2
  m_Modification:
    m_TransformParent: {fileID: 3439474508066295261}
    m_Modifications:
    - target: {fileID: 3497229035849611363, guid: a97e3335f05affb4d9a84b504b18e59a,
        type: 3}
      propertyPath: m_RootOrder
      value: 5
      objectReference: {fileID: 0}
    - target: {fileID: 3497229035849611363, guid: a97e3335f05affb4d9a84b504b18e59a,
        type: 3}
      propertyPath: m_LocalPosition.x
      value: 12.383
      objectReference: {fileID: 0}
    - target: {fileID: 3497229035849611363, guid: a97e3335f05affb4d9a84b504b18e59a,
        type: 3}
      propertyPath: m_LocalPosition.y
      value: -2.47
      objectReference: {fileID: 0}
    - target: {fileID: 3497229035849611363, guid: a97e3335f05affb4d9a84b504b18e59a,
        type: 3}
      propertyPath: m_LocalPosition.z
      value: -1.176
      objectReference: {fileID: 0}
    - target: {fileID: 3497229035849611363, guid: a97e3335f05affb4d9a84b504b18e59a,
        type: 3}
      propertyPath: m_LocalRotation.w
      value: -0.32580093
      objectReference: {fileID: 0}
    - target: {fileID: 3497229035849611363, guid: a97e3335f05affb4d9a84b504b18e59a,
        type: 3}
      propertyPath: m_LocalRotation.x
      value: 0.00000010355558
      objectReference: {fileID: 0}
    - target: {fileID: 3497229035849611363, guid: a97e3335f05affb4d9a84b504b18e59a,
        type: 3}
      propertyPath: m_LocalRotation.y
      value: 0.9454384
      objectReference: {fileID: 0}
    - target: {fileID: 3497229035849611363, guid: a97e3335f05affb4d9a84b504b18e59a,
        type: 3}
      propertyPath: m_LocalRotation.z
      value: -0.00000010355565
      objectReference: {fileID: 0}
    - target: {fileID: 3497229035849611363, guid: a97e3335f05affb4d9a84b504b18e59a,
        type: 3}
      propertyPath: m_LocalEulerAnglesHint.x
      value: 0
      objectReference: {fileID: 0}
    - target: {fileID: 3497229035849611363, guid: a97e3335f05affb4d9a84b504b18e59a,
        type: 3}
      propertyPath: m_LocalEulerAnglesHint.y
      value: 218.028
      objectReference: {fileID: 0}
    - target: {fileID: 3497229035849611363, guid: a97e3335f05affb4d9a84b504b18e59a,
        type: 3}
      propertyPath: m_LocalEulerAnglesHint.z
      value: 0
      objectReference: {fileID: 0}
    - target: {fileID: 4306417523945841369, guid: a97e3335f05affb4d9a84b504b18e59a,
        type: 3}
      propertyPath: m_Name
      value: Office_Chair (1)
      objectReference: {fileID: 0}
    m_RemovedComponents: []
  m_SourcePrefab: {fileID: 100100000, guid: a97e3335f05affb4d9a84b504b18e59a, type: 3}
--- !u!4 &894294542408097421 stripped
Transform:
  m_CorrespondingSourceObject: {fileID: 3497229035849611363, guid: a97e3335f05affb4d9a84b504b18e59a,
    type: 3}
  m_PrefabInstance: {fileID: 4386940767326791406}
  m_PrefabAsset: {fileID: 0}
--- !u!1001 &4515590682246860687
PrefabInstance:
  m_ObjectHideFlags: 0
  serializedVersion: 2
  m_Modification:
    m_TransformParent: {fileID: 1862193340172345577}
    m_Modifications:
    - target: {fileID: 7055928291818511091, guid: f94f88b942c5c3b4fa163078c8bd8e7e,
        type: 3}
      propertyPath: m_RootOrder
      value: 6
      objectReference: {fileID: 0}
    - target: {fileID: 7055928291818511091, guid: f94f88b942c5c3b4fa163078c8bd8e7e,
        type: 3}
      propertyPath: m_LocalPosition.x
      value: 8.059
      objectReference: {fileID: 0}
    - target: {fileID: 7055928291818511091, guid: f94f88b942c5c3b4fa163078c8bd8e7e,
        type: 3}
      propertyPath: m_LocalPosition.y
      value: -2.51
      objectReference: {fileID: 0}
    - target: {fileID: 7055928291818511091, guid: f94f88b942c5c3b4fa163078c8bd8e7e,
        type: 3}
      propertyPath: m_LocalPosition.z
      value: -4.791
      objectReference: {fileID: 0}
    - target: {fileID: 7055928291818511091, guid: f94f88b942c5c3b4fa163078c8bd8e7e,
        type: 3}
      propertyPath: m_LocalRotation.w
      value: 0.00000004371139
      objectReference: {fileID: 0}
    - target: {fileID: 7055928291818511091, guid: f94f88b942c5c3b4fa163078c8bd8e7e,
        type: 3}
      propertyPath: m_LocalRotation.x
      value: -3.560745e-15
      objectReference: {fileID: 0}
    - target: {fileID: 7055928291818511091, guid: f94f88b942c5c3b4fa163078c8bd8e7e,
        type: 3}
      propertyPath: m_LocalRotation.y
      value: -0.00000008146034
      objectReference: {fileID: 0}
    - target: {fileID: 7055928291818511091, guid: f94f88b942c5c3b4fa163078c8bd8e7e,
        type: 3}
      propertyPath: m_LocalRotation.z
      value: 1
      objectReference: {fileID: 0}
    - target: {fileID: 7055928291818511091, guid: f94f88b942c5c3b4fa163078c8bd8e7e,
        type: 3}
      propertyPath: m_LocalEulerAnglesHint.x
      value: 0
      objectReference: {fileID: 0}
    - target: {fileID: 7055928291818511091, guid: f94f88b942c5c3b4fa163078c8bd8e7e,
        type: 3}
      propertyPath: m_LocalEulerAnglesHint.y
      value: 0
      objectReference: {fileID: 0}
    - target: {fileID: 7055928291818511091, guid: f94f88b942c5c3b4fa163078c8bd8e7e,
        type: 3}
      propertyPath: m_LocalEulerAnglesHint.z
      value: 0
      objectReference: {fileID: 0}
    - target: {fileID: 7683248481699938377, guid: f94f88b942c5c3b4fa163078c8bd8e7e,
        type: 3}
      propertyPath: m_Name
      value: PuertaNueva_Trailer
      objectReference: {fileID: 0}
    - target: {fileID: 8187717542306341276, guid: f94f88b942c5c3b4fa163078c8bd8e7e,
        type: 3}
      propertyPath: m_Materials.Array.data[0]
      value: 
      objectReference: {fileID: 2100000, guid: 655abfd591ecf83498b9e3d7dd84336d, type: 2}
    m_RemovedComponents: []
  m_SourcePrefab: {fileID: 100100000, guid: f94f88b942c5c3b4fa163078c8bd8e7e, type: 3}
--- !u!4 &6863812012399121788 stripped
Transform:
  m_CorrespondingSourceObject: {fileID: 7055928291818511091, guid: f94f88b942c5c3b4fa163078c8bd8e7e,
    type: 3}
  m_PrefabInstance: {fileID: 4515590682246860687}
  m_PrefabAsset: {fileID: 0}
--- !u!1001 &7596207016777281356
PrefabInstance:
  m_ObjectHideFlags: 0
  serializedVersion: 2
  m_Modification:
    m_TransformParent: {fileID: 3439474508066295261}
    m_Modifications:
    - target: {fileID: 8355698348181340425, guid: 8b602b1693a0d744ab81f24200f56812,
        type: 3}
      propertyPath: m_RootOrder
      value: 1
      objectReference: {fileID: 0}
    - target: {fileID: 8355698348181340425, guid: 8b602b1693a0d744ab81f24200f56812,
        type: 3}
      propertyPath: m_LocalPosition.x
      value: 1.24
      objectReference: {fileID: 0}
    - target: {fileID: 8355698348181340425, guid: 8b602b1693a0d744ab81f24200f56812,
        type: 3}
      propertyPath: m_LocalPosition.y
      value: -2.49
      objectReference: {fileID: 0}
    - target: {fileID: 8355698348181340425, guid: 8b602b1693a0d744ab81f24200f56812,
        type: 3}
      propertyPath: m_LocalPosition.z
      value: -0.85
      objectReference: {fileID: 0}
    - target: {fileID: 8355698348181340425, guid: 8b602b1693a0d744ab81f24200f56812,
        type: 3}
      propertyPath: m_LocalRotation.w
      value: -0.5
      objectReference: {fileID: 0}
    - target: {fileID: 8355698348181340425, guid: 8b602b1693a0d744ab81f24200f56812,
        type: 3}
      propertyPath: m_LocalRotation.x
      value: 0.50000006
      objectReference: {fileID: 0}
    - target: {fileID: 8355698348181340425, guid: 8b602b1693a0d744ab81f24200f56812,
        type: 3}
      propertyPath: m_LocalRotation.y
      value: 0.49999997
      objectReference: {fileID: 0}
    - target: {fileID: 8355698348181340425, guid: 8b602b1693a0d744ab81f24200f56812,
        type: 3}
      propertyPath: m_LocalRotation.z
      value: 0.5
      objectReference: {fileID: 0}
    - target: {fileID: 8355698348181340425, guid: 8b602b1693a0d744ab81f24200f56812,
        type: 3}
      propertyPath: m_LocalEulerAnglesHint.x
      value: 0
      objectReference: {fileID: 0}
    - target: {fileID: 8355698348181340425, guid: 8b602b1693a0d744ab81f24200f56812,
        type: 3}
      propertyPath: m_LocalEulerAnglesHint.y
      value: 0
      objectReference: {fileID: 0}
    - target: {fileID: 8355698348181340425, guid: 8b602b1693a0d744ab81f24200f56812,
        type: 3}
      propertyPath: m_LocalEulerAnglesHint.z
      value: 0
      objectReference: {fileID: 0}
    - target: {fileID: 8700593617180990387, guid: 8b602b1693a0d744ab81f24200f56812,
        type: 3}
      propertyPath: m_Name
      value: Plain_Desk
      objectReference: {fileID: 0}
    m_RemovedComponents: []
  m_SourcePrefab: {fileID: 100100000, guid: 8b602b1693a0d744ab81f24200f56812, type: 3}
--- !u!4 &1918042413201108549 stripped
Transform:
  m_CorrespondingSourceObject: {fileID: 8355698348181340425, guid: 8b602b1693a0d744ab81f24200f56812,
    type: 3}
  m_PrefabInstance: {fileID: 7596207016777281356}
  m_PrefabAsset: {fileID: 0}
